@ARTICLE{prix_bp,
   author = {{Prix}, R. and {Krishnan}, B.},
    title = "{Targeted search for continuous gravitational waves: Bayesian versus maximum-likelihood statistics}",
  journal = {Classical and Quantum Gravity},
archivePrefix = "arXiv",
   eprint = {0907.2569},
 primaryClass = "gr-qc",
     year = 2009,
    month = oct,
   volume = 26,
   number = 20,
      eid = {204013},
    pages = {204013},
      doi = {10.1088/0264-9381/26/20/204013},
   adsurl = {http://adsabs.harvard.edu/abs/2009CQGra..26t4013P},
  adsnote = {Provided by the SAO/NASA Astrophysics Data System}
}

@ARTICLE{ellis_optimal,
   author = {{Ellis}, J.~A. and {Siemens}, X. and {Creighton}, J.~D.~E.},
    title = "{Optimal Strategies for Continuous Gravitational Wave Detection in Pulsar Timing Arrays}",
  journal = {\apj},
archivePrefix = "arXiv",
   eprint = {1204.4218},
 primaryClass = "astro-ph.IM",
 keywords = {gravitational waves, methods: data analysis, pulsars: general},
     year = 2012,
    month = sep,
   volume = 756,
      eid = {175},
    pages = {175},
      doi = {10.1088/0004-637X/756/2/175},
   adsurl = {http://adsabs.harvard.edu/abs/2012ApJ...756..175E},
  adsnote = {Provided by the SAO/NASA Astrophysics Data System}
}

@book{whalen1971detection,
  title={Detection of signals in noise},
  author={Whalen, A.D.},
  lccn={76137630},
  series={Electrical science series},
  year={1971},
  publisher={Academic Press}
}

@ARTICLE{F-and-G,
   author = {{Jaranowski}, P. and {Kr{\'o}lak}, A.},
    title = "{Searching for gravitational waves from known pulsars using the $\{$$\backslash$cal F$\}$ and $\{$$\backslash$cal G$\}$ statistics}",
  journal = {Classical and Quantum Gravity},
archivePrefix = "arXiv",
   eprint = {1004.0324},
 primaryClass = "gr-qc",
     year = 2010,
    month = oct,
   volume = 27,
   number = 19,
      eid = {194015},
    pages = {194015},
      doi = {10.1088/0264-9381/27/19/194015},
   adsurl = {http://adsabs.harvard.edu/abs/2010CQGra..27s4015J},
  adsnote = {Provided by the SAO/NASA Astrophysics Data System}
}

@ARTICLE{INS_Multinest,
   author = {{Feroz}, F. and {Hobson}, M.~P. and {Cameron}, E. and {Pettitt}, A.~N.
	},
    title = "{Importance Nested Sampling and the MultiNest Algorithm}",
  journal = {ArXiv e-prints},
archivePrefix = "arXiv",
   eprint = {1306.2144},
 primaryClass = "astro-ph.IM",
 keywords = {Astrophysics - Instrumentation and Methods for Astrophysics, Physics - Data Analysis, Statistics and Probability, Statistics - Computation},
     year = 2013,
    month = jun,
   adsurl = {http://adsabs.harvard.edu/abs/2013arXiv1306.2144F},
  adsnote = {Provided by the SAO/NASA Astrophysics Data System}
}

@ARTICLE{skynet,
   author = {{Graff}, P. and {Feroz}, F. and {Hobson}, M.~P. and {Lasenby}, A.~N.
	},
    title = "{SKYNET: an efficient and robust neural network training tool for machine learning in astronomy}",
  journal = {ArXiv e-prints},
archivePrefix = "arXiv",
   eprint = {1309.0790},
 primaryClass = "astro-ph.IM",
 keywords = {Astrophysics - Instrumentation and Methods for Astrophysics, Computer Science - Learning, Computer Science - Neural and Evolutionary Computing, Physics - Data Analysis, Statistics and Probability, Statistics - Machine Learning},
     year = 2013,
    month = sep,
   adsurl = {http://adsabs.harvard.edu/abs/2013arXiv1309.0790G},
  adsnote = {Provided by the SAO/NASA Astrophysics Data System}
}

@ARTICLE{demorest2013,
   author = {{Demorest}, P.~B. and {Ferdman}, R.~D. and {Gonzalez}, M.~E. and 
	{Nice}, D. and {Ransom}, S. and {Stairs}, I.~H. and {Arzoumanian}, Z. and 
	{Brazier}, A. and {Burke-Spolaor}, S. and {Chamberlin}, S.~J. and 
	{Cordes}, J.~M. and {Ellis}, J. and {Finn}, L.~S. and {Freire}, P. and 
	{Giampanis}, S. and {Jenet}, F. and {Kaspi}, V.~M. and {Lazio}, J. and 
	{Lommen}, A.~N. and {McLaughlin}, M. and {Palliyaguru}, N. and 
	{Perrodin}, D. and {Shannon}, R.~M. and {Siemens}, X. and {Stinebring}, D. and 
	{Swiggum}, J. and {Zhu}, W.~W.},
    title = "{Limits on the Stochastic Gravitational Wave Background from the North American Nanohertz Observatory for Gravitational Waves}",
  journal = {\apj},
archivePrefix = "arXiv",
   eprint = {1201.6641},
 primaryClass = "astro-ph.CO",
 keywords = {gravitational waves, methods: data analysis, pulsars: general, pulsars: individual: J0030+0451 J0613-0200 J1012+5307 J1455-3330 J1600-3053 J1640+2224 J1643-1224 J1713+0747 J1744-1134 J1853+1308 B1855+09 J1909-3744 J1910+1256 J1918-0642 B1953+29 J2145-0750 J2317+1439},
     year = 2013,
    month = jan,
   volume = 762,
      eid = {94},
    pages = {94},
      doi = {10.1088/0004-637X/762/2/94},
   adsurl = {http://adsabs.harvard.edu/abs/2013ApJ...762...94D},
  adsnote = {Provided by the SAO/NASA Astrophysics Data System}
}

@INCOLLECTION{skilling2004,
 author = "Skilling J.",
 title = "",
 pages = "395",
 EDITOR = "Fischer R., Preuss R., Toussaint U. V.",
 BOOKTITLE = "Bayesian Inference and Maximum Entropy Methods in Science and Engineering",
 volume = "735",
 PUBLISHER = "Am. Inst. Phys., New York",
 year = "2004"
 }

@ARTICLE{feroz2008,
   author = {{Feroz}, F. and {Hobson}, M.~P.},
    title = "{Multimodal nested sampling: an efficient and robust alternative to Markov Chain Monte Carlo methods for astronomical data analyses}",
  journal = {\mnras},
archivePrefix = "arXiv",
   eprint = {0704.3704},
 keywords = {methods: data analysis, methods: statistical},
     year = 2008,
    month = feb,
   volume = 384,
    pages = {449-463},
      doi = {10.1111/j.1365-2966.2007.12353.x},
   adsurl = {http://adsabs.harvard.edu/abs/2008MNRAS.384..449F},
  adsnote = {Provided by the SAO/NASA Astrophysics Data System}
}

@ARTICLE{feroz2009,
   author = {{Feroz}, F. and {Hobson}, M.~P. and {Bridges}, M.},
    title = "{MULTINEST: an efficient and robust Bayesian inference tool for cosmology and particle physics}",
  journal = {\mnras},
archivePrefix = "arXiv",
   eprint = {0809.3437},
 keywords = {methods: data analysis , methods: statistical},
     year = 2009,
    month = oct,
   volume = 398,
    pages = {1601-1614},
      doi = {10.1111/j.1365-2966.2009.14548.x},
   adsurl = {http://adsabs.harvard.edu/abs/2009MNRAS.398.1601F},
  adsnote = {Provided by the SAO/NASA Astrophysics Data System}
}

@ARTICLE{ellis-pipeline,
   author = {{Ellis}, J.},
    title = "{A Bayesian analysis pipeline for continuous GW sources in the PTA band}",
  journal = {ArXiv e-prints},
archivePrefix = "arXiv",
   eprint = {1305.0835},
 primaryClass = "astro-ph.IM",
 keywords = {Astrophysics - Instrumentation and Methods for Astrophysics, Astrophysics - Cosmology and Extragalactic Astrophysics, General Relativity and Quantum Cosmology},
     year = 2013,
    month = may,
   adsurl = {http://adsabs.harvard.edu/abs/2013arXiv1305.0835E},
  adsnote = {Provided by the SAO/NASA Astrophysics Data System}
}

@ARTICLE{fornax-hotspot,
   author = {{Simon}, J. and {Lommen}, A. and {Stappers}, B. and {Finn}, L. and {Jenet}, F. and {Polin}, A.},
   year =  {in preparation}
}

@ARTICLE{verbiest-psr-distances,
   author = {{Verbiest}, J.~P.~W. and {Weisberg}, J.~M. and {Chael}, A.~A. and 
	{Lee}, K.~J. and {Lorimer}, D.~R.},
    title = "{On Pulsar Distance Measurements and Their Uncertainties}",
  journal = {\apj},
archivePrefix = "arXiv",
   eprint = {1206.0428},
 primaryClass = "astro-ph.GA",
 keywords = {astrometry, pulsars: general},
     year = 2012,
    month = aug,
   volume = 755,
      eid = {39},
    pages = {39},
      doi = {10.1088/0004-637X/755/1/39},
   adsurl = {http://adsabs.harvard.edu/abs/2012ApJ...755...39V},
  adsnote = {Provided by the SAO/NASA Astrophysics Data System}
}

@ARTCILE{PAL-site, 
   title = "{PAL: PTA Algorithm Library}",
   url = {https://github.com/jellis18/PAL},
}

@ARTCILE{ATNF-cat, 
   title = "{ATNF pulsar catalogue}",
   url = {http://www.atnf.csiro.au/research/pulsar/psrcat},
}

@ARTICLE{ellis-first-order,
   author = {{Ellis}, J.~A. and {Siemens}, X. and {van Haasteren}, R.},
    title = "{An Efficient Approximation to the Likelihood for Gravitational Wave Stochastic Background Detection Using Pulsar Timing Data}",
  journal = {\apj},
archivePrefix = "arXiv",
   eprint = {1302.1903},
 primaryClass = "astro-ph.IM",
 keywords = {gravitational waves, methods: data analysis, pulsars: general},
     year = 2013,
    month = may,
   volume = 769,
      eid = {63},
    pages = {63},
      doi = {10.1088/0004-637X/769/1/63},
   adsurl = {http://adsabs.harvard.edu/abs/2013ApJ...769...63E},
  adsnote = {Provided by the SAO/NASA Astrophysics Data System}
}

@ARTICLE{wahlquist-1987,
   author = {{Wahlquist}, H.},
    title = "{The Doppler response to gravitational waves from a binary star source}",
  journal = {General Relativity and Gravitation},
 keywords = {Binary Stars, Doppler Effect, Gravitational Waves, Black Holes (Astronomy), Signal Detection, Space Communication, Spacecraft Communication},
     year = 1987,
    month = nov,
   volume = 19,
    pages = {1101-1113},
      doi = {10.1007/BF00759146},
   adsurl = {http://adsabs.harvard.edu/abs/1987GReGr..19.1101W},
  adsnote = {Provided by the SAO/NASA Astrophysics Data System}
}


@ARTICLE{corbin-cornish-2010,
   author = {{Corbin}, V. and {Cornish}, N.~J.},
    title = "{Pulsar Timing Array Observations of Massive Black Hole Binaries}",
  journal = {ArXiv e-prints},
archivePrefix = "arXiv",
   eprint = {1008.1782},
 primaryClass = "astro-ph.HE",
 keywords = {Astrophysics - High Energy Astrophysical Phenomena, General Relativity and Quantum Cosmology},
     year = 2010,
    month = aug,
   adsurl = {http://adsabs.harvard.edu/abs/2010arXiv1008.1782C},
  adsnote = {Provided by the SAO/NASA Astrophysics Data System}
}

@ARTICLE{vhaasteren-levin-2013,
   author = {{van Haasteren}, R. and {Levin}, Y.},
    title = "{Understanding and analysing time-correlated stochastic signals in pulsar timing}",
  journal = {\mnras},
archivePrefix = "arXiv",
   eprint = {1202.5932},
 primaryClass = "astro-ph.IM",
 keywords = {gravitational waves, methods: data analysis, pulsars: general},
     year = 2013,
    month = jan,
   volume = 428,
    pages = {1147-1159},
      doi = {10.1093/mnras/sts097},
   adsurl = {http://adsabs.harvard.edu/abs/2013MNRAS.428.1147V},
  adsnote = {Provided by the SAO/NASA Astrophysics Data System}
}

@ARTICLE{sesana2008,
   author = {{Sesana}, A. and {Vecchio}, A. and {Colacino}, C.~N.},
    title = "{The stochastic gravitational-wave background from massive black hole binary systems: implications for observations with Pulsar Timing Arrays}",
  journal = {\mnras},
archivePrefix = "arXiv",
   eprint = {0804.4476},
 keywords = {black hole physics , gravitational waves , pulsars: general , cosmology: theory},
     year = 2008,
    month = oct,
   volume = 390,
    pages = {192-209},
      doi = {10.1111/j.1365-2966.2008.13682.x},
   adsurl = {http://adsabs.harvard.edu/abs/2008MNRAS.390..192S},
  adsnote = {Provided by the SAO/NASA Astrophysics Data System}
}

@ARTICLE{sazhin-1978,
   author = {{Sazhin}, M.~V.},
    title = "{Opportunities for detecting ultralong gravitational waves}",
  journal = {\sovast},
 keywords = {BINARY STARS, ELECTROMAGNETIC PULSES, GRAVITATIONAL WAVES, LONG WAVE RADIATION, RADIATION DETECTORS, SUPERMASSIVE STARS, PROPAGATION MODES, PULSARS, STELLAR MASS, SUPERGIANT STARS},
     year = 1978,
    month = feb,
   volume = 22,
    pages = {36-38},
   adsurl = {http://adsabs.harvard.edu/abs/1978SvA....22...36S},
  adsnote = {Provided by the SAO/NASA Astrophysics Data System}
}

@ARTICLE{detweiler-1979,
   author = {{Detweiler}, S.},
    title = "{Pulsar timing measurements and the search for gravitational waves}",
  journal = {\apj},
 keywords = {COSMOLOGY, GRAVITATIONAL WAVES, PULSARS, TIME MEASUREMENT, BLACK HOLES (ASTRONOMY), COSMIC RAYS, FREQUENCY RESPONSE, RELATIVITY, STOCHASTIC PROCESSES},
     year = 1979,
    month = dec,
   volume = 234,
    pages = {1100-1104},
      doi = {10.1086/157593},
   adsurl = {http://adsabs.harvard.edu/abs/1979ApJ...234.1100D},
  adsnote = {Provided by the SAO/NASA Astrophysics Data System}
}

@ARTICLE{estabrook-1975,
   author = {{Estabrook}, F.~B. and {Wahlquist}, H.~D.},
    title = "{Response of Doppler spacecraft tracking to gravitational radiation}",
  journal = {General Relativity and Gravitation},
 keywords = {DOPPLER EFFECT, ELECTROMAGNETIC WAVE TRANSMISSION, GRAVITATIONAL WAVES, RELATIVISTIC EFFECTS, SPACECRAFT TRACKING, FREQUENCY SHIFT, PLANE WAVES, SIGNAL REFLECTION, SPECTRAL SIGNATURES},
     year = 1975,
    month = oct,
   volume = 6,
    pages = {439-447},
      doi = {10.1007/BF00762449},
   adsurl = {http://adsabs.harvard.edu/abs/1975GReGr...6..439E},
  adsnote = {Provided by the SAO/NASA Astrophysics Data System}
}

@ARTICLE{burke-1975,
   author = {{Burke}, W.~L.},
    title = "{Large-Scale Random Gravitational Waves}",
  journal = {\apj},
     year = 1975,
    month = mar,
   volume = 196,
    pages = {329-334},
      doi = {10.1086/153414},
   adsurl = {http://adsabs.harvard.edu/abs/1975ApJ...196..329B},
  adsnote = {Provided by the SAO/NASA Astrophysics Data System}
}

@ARTICLE{foster-backer-1990,
   author = {{Foster}, R.~S. and {Backer}, D.~C.},
    title = "{Constructing a pulsar timing array}",
  journal = {\apj},
 keywords = {ATOMIC CLOCKS, ERROR ANALYSIS, PULSARS, TIME MEASURING INSTRUMENTS, TIME SIGNALS, EARTH ROTATION, GRAVITATIONAL WAVES, POLYNOMIALS, TELESCOPES, TIME MEASUREMENT},
     year = 1990,
    month = sep,
   volume = 361,
    pages = {300-308},
      doi = {10.1086/169195},
   adsurl = {http://adsabs.harvard.edu/abs/1990ApJ...361..300F},
  adsnote = {Provided by the SAO/NASA Astrophysics Data System}
}